@misc{SETStatistics2024,
    author = {{Stock Exchange of Thailand}},
    title = {Market Statistics - Trading Statistics},
    year = {2024},
    url = {https://www.set.or.th/th/market/statistics/market-statistics/trading-statistics},
    note = {Accessed: March 5, 2025}
}
@misc{JittaWebsite,
  author       = {Jitta},
  title        = {Jitta: Fundamental Stock Analysis for Value Investors},
  year         = {2025},
  url          = {https://www.jitta.com/en},
  note         = {Accessed: March 14, 2025}
}
@misc{StockGPTWebsite,
  author       = {StockGPT},
  title        = {StockGPT: AI-Powered Financial Research Assistant},
  year         = {2025},
  url          = {https://askstockgpt.com/},
  note         = {Accessed: March 14, 2025}
}
@article{THaLLEarXiv,
  author    = {KBTG Research Team},
  title     = {THaLLE: Text Hyperlocally Augmented Large Language Extension - Technical Report},
  journal   = {arXiv preprint},
  year      = {2024},
  url       = {https://arxiv.org/abs/2406.07505},
  note      = {Accessed: March 14, 2025}
}
